<?xml version="1.0" encoding="UTF-8"?><collection xmlns="http://www.loc.gov/MARC21/slim"><record><leader>00361nam--2200121-i-4500</leader><controlfield tag="001">000023498</controlfield><controlfield tag="002">20161230</controlfield><controlfield tag="005">20161230201035</controlfield><controlfield tag="008">060222s1000------------r-----000-0-eng-d</controlfield><datafield ind1=" " ind2=" " tag="080"><subfield code="a">51(075):53(075):54(075)</subfield></datafield><datafield ind1=" " ind2=" " tag="245"><subfield code="a">Grundwissen des meisters. bandi: mathematik-physik-chemie. 8. auflage</subfield></datafield><datafield ind1=" " ind2=" " tag="260"><subfield code="a">Leipzig, Veb Fachbuchverlag Leipzig, 1974. 340p</subfield></datafield><datafield ind1=" " ind2=" " tag="852"><subfield code="a">42841</subfield></datafield></record></collection>